% This file was created with JabRef 2.7.2.
% Encoding: UTF8

@book{griesbaumlatex2010,
	address = {Weinheim, Bergstr},
	title = {{LaTeX} für Dummies},
	isbn = {978-3527704064},
	publisher = {{Wiley-VCH}},
	author = {Griesbaum, Rainer and Rogina, Ivica},
	year = {2010}
},

@book{guntherlatex2008,
	address = {Beijing; Cambridge; Farnham; Köln; Paris; Sebastopol; Taipei; Tokyo},
	title = {Latex : kurz \& gut ; [inkl. {KOMA.} Script]},
	isbn = {978-3897215429},
	shorttitle = {Latex},
	publisher = {{O'Reilly}},
	author = {Günther, Karsten and Dalheimer, Matthias Kalle},
	year = {2008}
},

@book{schlosserwissenschaftliche2011,
	address = {Heidelberg; München; Landsberg; Frechen; Hamburg},
	title = {Wissenschaftliche Arbeiten schreiben mit {LATEX} : Leitfaden für Einsteiger; [schnell zur fertig gesetzten Arbeit - ohne Vorkenntnisse; lösungsorientierte und verständliche Beschreibungen; von Tabellen und Formeln über Grafiken bis zum Literaturverzeichnis]},
	isbn = {978-3826691027},
	shorttitle = {Wissenschaftliche Arbeiten schreiben mit {LATEX}},
	publisher = {mitp},
	author = {Schlosser, Joachim},
	year = {2011}
},

@book{brandlbergwanderungen1994,
	address = {München},
	title = {Bergwanderungen rund um das Kaisergebirge : 50 ausgewählte Wanderungen für die Gebiete rund um Kufstein und St. Johann in Tirol : mit 55 farbigen Abbildungen, 50 {Freytag-Berndt-Wanderkärtchen} im Massstab 1:50,000 sowie einer Übersichtskarte},
	isbn = {978-3763340842},
	shorttitle = {Bergwanderungen rund um das Kaisergebirge},
	publisher = {Bergverlag R. Rother},
	author = {Brandl, Sepp},
	year = {1994}
},

@book{ritscheltirol2010,
	address = {Innsbruck; Wien},
	title = {Tirol Land in den Bergen ; ein Porträt},
	isbn = {978-3702230845},
	publisher = {{Tyrolia-Verl.}},
	author = {Ritschel, Bernd and Schaber, Susanne},
	year = {2010}
},

@inproceedings{kaiserkufstein2010,
	address = {Norderstedt},
	title = {Kufstein Congress on Sports and Culture 2009 : Sustainable Event Managment; Lessons Learnt \& Prospects},
	isbn = {978-3839175064},
	shorttitle = {Kufstein Congress on Sports and Culture 2009},
	publisher = {Books on Demand},
	author = {Kaiser, Sebastian},
	year = {2010}
},

@book{wiekensql2009,
	address = {{München/Germany}},
	title = {{SQL} : Einstieg für Anspruchsvolle},
	isbn = {978-3827324856},
	shorttitle = {{SQL}},
	publisher = {{Addison-Wesley}},
	author = {Wieken, {John-Harry}},
	year = {2009}
},

@book{cordtsdatenbanken2011,
	address = {Wiesbaden},
	title = {Datenbanken für Wirtschaftsinformatiker nach dem aktuellen Standard {SQL:2008}},
	isbn = {978-3834813824},
	shorttitle = {Datenbanken für Wirtschaftsinformatiker nach dem aktuellen Standard {SQL}},
	publisher = {Vieweg + Teubner},
	author = {Cordts, Sönke and Blakowski, Gerold and Brosius, Gerhard},
	year = {2011}
},

@book{kuhleweinwirtschaftsinformatik2003,
	address = {{Haan-Gruiten}},
	title = {Wirtschaftsinformatik : vom Geschäftsprozess zur Datenbank ; {[CD-ROM} {MindManager}, {SiSy}, Fallbeispiele},
	isbn = {978-3808589724},
	shorttitle = {Wirtschaftsinformatik},
	publisher = {Verl. {Europa-Lehrmittel} Nourney, Vollmer},
	author = {Kühlewein, Claus and Ziebritzki, Burkhard},
	year = {2003}
},

@ARTICLE{Artikel2012,
  author = {Artikelnachname1, Vorname1 and Artikelname2, Vorname2},
  title = {Dies ist der Titel},
  journaltitle = {Journaltitel},
  year = {2012},
  date = {1.1.2012},
  subtitle = {Ein Untertitel},
  editor = {Editorname, Herausgebervorname},
  series = {Serie},
  volume = {Volumenummer},
  number = {Number},
  owner = {fat},
  timestamp = {25.02.2012}
}

@BOOKLET{Booklet2012,
  author = {Bookletautor, Vorname},
  editor = {Editorname, Vorname},
  title = {Dies ist der Titel},
  year = {0.93},
  date = {2.2.2012},
  note = {Platz für Notizen},
  pubstate = {Status der Publizierung},
  url = {http://www.google.de},
  urldate = {2.2.2012},
  owner = {fat},
  timestamp = {25.02.2012},
  version = {Versionsnummer}
}

@BOOK{testbook,
  author = {Buchautor, Vorname and Buchautor2, Vorname2},
  title = {Dies ist ein Buchtitel},
  year = {2012},
  date = {1.1.2012},
  editor = {Editorname, Herausgebervorname},
  subtitle = {Untertitel},
  titleaddon = {Titleaddon},
  maintitle = {Maintitle},
  mainsubtitle = {Mainsubtitle},
  maintitleaddon = {Maintitleaddon},
  volume = {12},
  edition = {2},
  publisher = {PublisherVerlag},
  chapter = {6},
  pages = {148},
  owner = {fat},
  timestamp = {2012-02-25}
}

@WWW{www2012,
  author = {Internetautor, Vorname},
  title = {Dies ist der Titel},
  year = {0.93},
  url = {http://www.google.de},
  urldate = {2.2.2012},
  editor = {Editorname, Vorname},
  howpublished = {Publikationsart},
  note = {Platz für Notizen},
  owner = {fat},
  pubstate = {Status der Publizierung},
  timestamp = {25.02.2012},
  version = {Versionsnummer}
}

